<record><leader>00000cas a22000007a 4500</leader><controlfield tag="001">16727544</controlfield><controlfield tag="008">870922d18961917ohuwr ne      0    0eng d</controlfield><datafield ind1=" " ind2=" " tag="010"><subfield code="a">sn 87075098 </subfield></datafield><datafield ind1=" " ind2=" " tag="040"><subfield code="a">ONP</subfield><subfield code="b">eng</subfield><subfield code="c">ONP</subfield><subfield code="d">OCLCQ</subfield></datafield><datafield ind1=" " ind2=" " tag="042"><subfield code="a">msc</subfield></datafield><datafield ind1="0" ind2=" " tag="130"><subfield code="a">Valley sentinel (Portsmouth, Ohio)</subfield></datafield><datafield ind1="1" ind2="4" tag="245"><subfield code="a">The Valley sentinel.</subfield></datafield><datafield ind1=" " ind2=" " tag="260"><subfield code="a">Portsmouth, Ohio :</subfield><subfield code="b">Times Pub. Co.,</subfield><subfield code="c">1896-1917.</subfield></datafield><datafield ind1=" " ind2=" " tag="310"><subfield code="a">Weekly</subfield></datafield><datafield ind1="0" ind2=" " tag="362"><subfield code="a">Vol. 1, no. 1 (Apr. 29, 1896)-v. 55, no. 75 (June 27, 1917).</subfield></datafield><datafield ind1=" " ind2=" " tag="580"><subfield code="a">Appeared concurrently with: Portsmouth times (Portsmouth, Ohio : 1861), and Portsmouth daily times (Portsmouth, Ohio : 1894), and: Portsmouth weekly times, and: Portsmouth times (Portsmouth, Ohio : 1917).</subfield></datafield><datafield ind1=" " ind2=" " tag="752"><subfield code="a">United States</subfield><subfield code="b">Ohio</subfield><subfield code="c">Scioto</subfield><subfield code="d">Portsmouth.</subfield></datafield><datafield ind1="1" ind2=" " tag="787"><subfield code="t">Portsmouth times (Portsmouth, Ohio : 1861)</subfield><subfield code="w">(DLC)sn 86079031</subfield></datafield><datafield ind1="1" ind2=" " tag="787"><subfield code="t">Portsmouth daily times (Portsmouth, Ohio : 1894)</subfield><subfield code="w">(DLC)sn 85038053</subfield></datafield><datafield ind1="1" ind2=" " tag="787"><subfield code="t">Portsmouth weekly times</subfield><subfield code="w">(DLC)sn 87075096</subfield></datafield><datafield ind1="1" ind2=" " tag="787"><subfield code="t">Portsmouth times (Portsmouth, Ohio : 1917)</subfield><subfield code="w">(DLC)sn 87075097</subfield></datafield></record>